incollection{Bengio+chapter2007,
author = {Bengio, Yoshua and LeCun, Yann},
booktitle = {Large Scale Kernel Machines},
publisher = {MIT Press},
title = {Scaling Learning Algorithms Towards {AI}},
year = {2007}
}

article{Hinton06,
author = {Hinton, Geoffrey E. and Osindero, Simon and Teh, Yee Whye},
journal = {Neural Computation},
pages = {1527--1554},
title = {A Fast Learning Algorithm for Deep Belief Nets},
volume = {18},
year = {2006}
}

@article{Geman1984,
  author = {Geman, Stuart and Geman, Donald},
  title = {Stochastic Relaxation, Gibbs Distributions, and the Bayesian Restoration of Images},
  journal = {IEEE Trans. Pattern Anal. Mach. Intell.},
  issue_date = {November 1984},
  volume = {6},
  number = {6},
  month = nov,
  year = {1984},
  issn = {0162-8828},
  pages = {721--741},
  numpages = {21},
  url = {http://dx.doi.org/10.1109/TPAMI.1984.4767596},
  doi = {10.1109/TPAMI.1984.4767596},
  acmid = {2286617},
  publisher = {IEEE Computer Society},
  address = {Washington, DC, USA},
  keywords = {Annealing, Gibbs distribution, MAP estimate, Markov random field, image
  restoration, line process, relaxation, scene modeling, spatial degradation},
} 

@inproceedings{Gonzalez2011,
  title = {Parallel Gibbs Sampling: From Colored Fields to Thin Junction Trees},
  author = {Joseph Gonzalez and Yucheng Low and Arthur Gretton and Carlos Guestrin},
  booktitle = {In Artificial Intelligence and Statistics (AISTATS)},
  month = {May},
  year = {2011},
  address = {Ft. Lauderdale, FL},
  wwwfilebase = {aistats2011-gonzalez-low-gretton-guestrin},
  wwwtopic = {Parallel Learning}
}

@inproceedings{SAME2015,
 author = {Zhao, Huasha and Jiang, Biye and Canny, John F. and Jaros, Bobby},
 title = {SAME but Different: Fast and High Quality Gibbs Parameter Estimation},
 booktitle = {Proceedings of the 21th ACM SIGKDD International Conference on Knowledge Discovery
 and Data Mining},
 series = {KDD '15},
 year = {2015},
 isbn = {978-1-4503-3664-2},
 location = {Sydney, NSW, Australia},
 pages = {1495--1502},
 numpages = {8},
 url = {http://doi.acm.org/10.1145/2783258.2783416},
 doi = {10.1145/2783258.2783416},
 acmid = {2783416},
 publisher = {ACM},
 address = {New York, NY, USA},
 keywords = {gibbs sampling, latent dirichlet allocation, simulated annealing},
} 

@inproceedings{bidmach,
  title = {Bidmach: Large-scale learning with zero memory allocation},
  author = {John Canny and Huasha Zhao},
  booktitle = {BigLearn Workship, Neural Information Processing Systems},
  year = {2013}
}

@TECHREPORT{SAME2002,
  author = {Arnaud Doucet and Simon J. Godsill and Christian P. Robert},
  title = {Marginal maximum a posteriori estimation using Markov chain Monte Carlo},
  institution = {Statistics and Computing},
  year = {2002}
}

@book{Koller2009,
  author = {Koller, Daphne and Friedman, Nir},
  title = {Probabilistic Graphical Models: Principles and Techniques - Adaptive Computation and
  Machine Learning},
  year = {2009},
  isbn = {0262013193, 9780262013192},
  publisher = {The MIT Press},
} 

@MISC{JAGS2003,
  author = {Martyn Plummer},
  title = {JAGS: A program for analysis of Bayesian graphical models using Gibbs sampling},
  year = {2003}
}

@ARTICLE{EMpaper,
  author = {A. P. Dempster and N. M. Laird and D. B. Rubin},
  title = {Maximum likelihood from incomplete data via the EM algorithm},
  journal = {JOURNAL OF THE ROYAL STATISTICAL SOCIETY, SERIES B},
  year = {1977},
  volume = {39},
  number = {1},
  pages = {1--38}
}

@incollection{augur2014,
  title = {Augur: Data-Parallel Probabilistic Modeling},
  author = {Tristan, Jean-Baptiste and Huang, Daniel and Tassarotti, Joseph and Pocock, Adam C and
  Green, Stephen and Steele, Guy L},
  booktitle = {Advances in Neural Information Processing Systems 27},
  editor = {Z. Ghahramani and M. Welling and C. Cortes and N.D. Lawrence and K.Q. Weinberger},
  pages = {2600--2608},
  year = {2014},
  publisher = {Curran Associates, Inc.},
  url = {http://papers.nips.cc/paper/5531-augur-data-parallel-probabilistic-modeling.pdf}
}

@inproceedings{Thiesson95,
  added-at = {2012-12-12T00:00:00.000+0100},
  author = {Thiesson, Bo},
  biburl = {http://www.bibsonomy.org/bibtex/2f78faee6e4be7f2a6806dcc158c0e618/dblp},
  booktitle = {KDD},
  crossref = {conf/kdd/1995},
  editor = {Fayyad, Usama M. and Uthurusamy, Ramasamy},
  ee = {http://www.aaai.org/Library/KDD/1995/kdd95o-043.php},
  interhash = {eeb834d8df1031a85304a096095da072},
  intrahash = {f78faee6e4be7f2a6806dcc158c0e618},
  isbn = {0-929280-82-2},
  keywords = {dblp},
  pages = {306-311},
  publisher = {AAAI Press},
  timestamp = {2012-12-13T11:38:46.000+0100},
  title = {Accelerated Quantification of Bayesian Networks with Incomplete Data.},
  url = {http://dblp.uni-trier.de/db/conf/kdd/kdd95.html#Thiesson95},
  year = 1995
}

@inproceedings{Zhang2013,
 author = {Zhang, Ce and R{\'e}, Christopher},
 title = {Towards High-throughput Gibbs Sampling at Scale: A Study Across Storage Managers},
 booktitle = {Proceedings of the 2013 ACM SIGMOD International Conference on Management of Data},
 series = {SIGMOD '13},
 year = {2013},
 isbn = {978-1-4503-2037-5},
 location = {New York, New York, USA},
 pages = {397--408},
 numpages = {12},
 url = {http://doi.acm.org/10.1145/2463676.2463702},
 doi = {10.1145/2463676.2463702},
 acmid = {2463702},
 publisher = {ACM},
 address = {New York, NY, USA},
 keywords = {gibbs sampling, scalability, storage manager},
} 

@incollection{Johnson2013,
  title = {Analyzing Hogwild Parallel Gaussian Gibbs Sampling},
  author = {Johnson, Matthew and Saunderson, James and Willsky, Alan},
  booktitle = {Advances in Neural Information Processing Systems 26},
  editor = {C.J.C. Burges and L. Bottou and M. Welling and Z. Ghahramani and K.Q. Weinberger},
  pages = {2715--2723},
  year = {2013},
  publisher = {Curran Associates, Inc.},
  url = {http://papers.nips.cc/paper/5043-analyzing-hogwild-parallel-gaussian-gibbs-sampling.pdf}
}

@incollection{Hazan2013,
  title = {On Sampling from the Gibbs Distribution with Random Maximum A-Posteriori Perturbations},
  author = {Hazan, Tamir and Maji, Subhransu and Jaakkola, Tommi},
  booktitle = {Advances in Neural Information Processing Systems 26},
  editor = {C.J.C. Burges and L. Bottou and M. Welling and Z. Ghahramani and K.Q. Weinberger},
  pages = {1268--1276},
  year = {2013},
  publisher = {Curran Associates, Inc.},
  url =
  {http://papers.nips.cc/paper/4962-on-sampling-from-the-gibbs-distribution-with-random-maximum-a-posteriori-perturbations.pdf}
}

@misc{Tripuraneni2015,
  author = {Tripuraneni, Nilesh and Gu, Shane and Ge, Hong and Ghahramani, Zoubin},
  citeulike-article-id = {13607628},
  citeulike-linkout-0 = {http://arxiv.org/abs/1505.00428},
  citeulike-linkout-1 = {http://arxiv.org/pdf/1505.00428},
  day = {3},
  eprint = {1505.00428},
  keywords = {bayes, mcmc, smc, stats},
  month = may,
  posted-at = {2015-05-10 15:19:32},
  priority = {2},
  title = {{A Linear-Time Particle Gibbs Sampler for Infinite Hidden Markov Models}},
  url = {http://arxiv.org/abs/1505.00428},
  year = {2015}
}

@article{DeSa2015,
  author    = {Christopher De Sa and Ce Zhang and Kunle Olukotun and Christopher R{\'{e}}},
  title     = {Rapidly Mixing Gibbs Sampling for a Class of Factor Graphs Using Hierarchy Width},
  journal   = {CoRR},
  volume    = {abs/1510.00756},
  year      = {2015},
  url       = {http://arxiv.org/abs/1510.00756},
  timestamp = {Sun, 01 Nov 2015 17:30:45 +0100},
  biburl    = {http://dblp.uni-trier.de/rec/bib/journals/corr/SaZOR15a},
  bibsource = {dblp computer science bibliography, http://dblp.org}
}
